"id"|"coinbase_sell"|"coinbase_spot_rate"|"okcoin_trades"|"coinbase_buy"|"okcoin_ticker"|"okcoin_depth"
"2014-12-02 13:24:38 +0000",
"{"btc":{"amount":"1.00000000","currency":"BTC"},"subtotal":{"amount":"380.56","currency":"USD"},"fees":[{"coinbase":{"amount":"3.66","currency":"USD"}},{"bank":{"amount":"0.15","currency":"USD"}}],"total":{"amount":"376.75","currency":"USD"},"amount":"376.75","currency":"USD"}",
"{"amount":"381.84","currency":"USD"}",
"[{"amount":"1.65","date":1417525809,"date_ms":1417525809000,"price":"383.72","tid":1120391,"type":"sell"},{"amount":"0.1","date":1417525821,"date_ms":1417525821000,"price":"383.75","tid":1120393,"type":"buy"},{"amount":"0.58","date":1417525821,"date_ms":1417525821000,"price":"383.84","tid":1120395,"type":"sell"},{"amount":"1.39","date":1417525831,"date_ms":1417525831000,"price":"383.8","tid":1120397,"type":"buy"},{"amount":"0.03","date":1417525851,"date_ms":1417525851000,"price":"383.78","tid":1120399,"type":"buy"},{"amount":"0.08","date":1417525880,"date_ms":1417525880000,"price":"383.88","tid":1120401,"type":"sell"},{"amount":"0.181","date":1417525908,"date_ms":1417525908000,"price":"384.11","tid":1120403,"type":"buy"},{"amount":"0.181","date":1417525912,"date_ms":1417525912000,"price":"384.16","tid":1120405,"type":"buy"},{"amount":"0.185","date":1417525912,"date_ms":1417525912000,"price":"384.16","tid":1120407,"type":"buy"},{"amount":"0.314","date":1417525912,"date_ms":1417525912000,"price":"384.21","tid":1120409,"type":"buy"},{"amount":"1","date":1417525919,"date_ms":1417525919000,"price":"384.27","tid":1120411,"type":"buy"},{"amount":"0.18","date":1417525919,"date_ms":1417525919000,"price":"384.28","tid":1120413,"type":"buy"},{"amount":"0.185","date":1417525919,"date_ms":1417525919000,"price":"384.29","tid":1120415,"type":"buy"},{"amount":"0.183","date":1417525939,"date_ms":1417525939000,"price":"384.56","tid":1120417,"type":"buy"},{"amount":"0.1","date":1417525939,"date_ms":1417525939000,"price":"384.72","tid":1120419,"type":"buy"},{"amount":"0.184","date":1417525939,"date_ms":1417525939000,"price":"384.72","tid":1120421,"type":"buy"},{"amount":"0.086","date":1417525939,"date_ms":1417525939000,"price":"384.74","tid":1120423,"type":"buy"},{"amount":"0.47","date":1417525941,"date_ms":1417525941000,"price":"384.32","tid":1120425,"type":"sell"},{"amount":"1.75","date":1417525962,"date_ms":1417525962000,"price":"384.54","tid":1120427,"type":"buy"},{"amount":"0.26","date":1417525984,"date_ms":1417525984000,"price":"384.32","tid":1120429,"type":"buy"},{"amount":"2.48","date":1417526003,"date_ms":1417526003000,"price":"384.48","tid":1120431,"type":"buy"},{"amount":"0.53","date":1417526025,"date_ms":1417526025000,"price":"384.43","tid":1120433,"type":"sell"},{"amount":"1.62","date":1417526051,"date_ms":1417526051000,"price":"384.58","tid":1120435,"type":"sell"},{"amount":"3.27","date":1417526067,"date_ms":1417526067000,"price":"384.5","tid":1120437,"type":"sell"},{"amount":"2.22","date":1417526088,"date_ms":1417526088000,"price":"384.51","tid":1120439,"type":"sell"},{"amount":"1.06","date":1417526111,"date_ms":1417526111000,"price":"384.55","tid":1120441,"type":"sell"},{"amount":"0.98","date":1417526128,"date_ms":1417526128000,"price":"384.7","tid":1120443,"type":"buy"},{"amount":"1.18","date":1417526143,"date_ms":1417526143000,"price":"384.73","tid":1120445,"type":"sell"},{"amount":"0.14","date":1417526168,"date_ms":1417526168000,"price":"384.54","tid":1120447,"type":"buy"},{"amount":"2.48","date":1417526191,"date_ms":1417526191000,"price":"384.5","tid":1120449,"type":"buy"},{"amount":"0.84","date":1417526227,"date_ms":1417526227000,"price":"384.43","tid":1120451,"type":"buy"},{"amount":"0.31","date":1417526263,"date_ms":1417526263000,"price":"384.28","tid":1120453,"type":"sell"},{"amount":"0.52","date":1417526286,"date_ms":1417526286000,"price":"384.19","tid":1120455,"type":"sell"},{"amount":"0.1","date":1417526286,"date_ms":1417526286000,"price":"384.18","tid":1120457,"type":"sell"},{"amount":"1.12","date":1417526286,"date_ms":1417526286000,"price":"384.18","tid":1120459,"type":"buy"},{"amount":"0.72","date":1417526301,"date_ms":1417526301000,"price":"384.11","tid":1120461,"type":"sell"},{"amount":"0.47","date":1417526335,"date_ms":1417526335000,"price":"384.14","tid":1120463,"type":"buy"},{"amount":"2.28","date":1417526349,"date_ms":1417526349000,"price":"384.11","tid":1120465,"type":"sell"},{"amount":"0.11","date":1417526349,"date_ms":1417526349000,"price":"384.11","tid":1120467,"type":"buy"},{"amount":"1.63","date":1417526371,"date_ms":1417526371000,"price":"384.1","tid":1120469,"type":"buy"},{"amount":"2.94","date":1417526389,"date_ms":1417526389000,"price":"384.18","tid":1120471,"type":"sell"},{"amount":"2.62","date":1417526400,"date_ms":1417526400000,"price":"384.15","tid":1120473,"type":"sell"},{"amount":"0.59","date":1417526433,"date_ms":1417526433000,"price":"384.35","tid":1120475,"type":"buy"},{"amount":"0.47","date":1417526468,"date_ms":1417526468000,"price":"384.31","tid":1120477,"type":"sell"},{"amount":"0.51","date":1417526489,"date_ms":1417526489000,"price":"384.33","tid":1120479,"type":"buy"},{"amount":"1.38","date":1417526516,"date_ms":1417526516000,"price":"384.4","tid":1120481,"type":"buy"},{"amount":"0.86","date":1417526525,"date_ms":1417526525000,"price":"384.35","tid":1120483,"type":"sell"},{"amount":"0.52","date":1417526550,"date_ms":1417526550000,"price":"384.36","tid":1120485,"type":"buy"},{"amount":"0.69","date":1417526560,"date_ms":1417526560000,"price":"384.36","tid":1120487,"type":"buy"},{"amount":"3.24","date":1417526590,"date_ms":1417526590000,"price":"384.38","tid":1120489,"type":"sell"},{"amount":"1.84","date":1417526605,"date_ms":1417526605000,"price":"384.51","tid":1120491,"type":"buy"},{"amount":"0.01","date":1417526622,"date_ms":1417526622000,"price":"384.57","tid":1120493,"type":"buy"},{"amount":"0.176","date":1417526644,"date_ms":1417526644000,"price":"384.71","tid":1120495,"type":"buy"},{"amount":"0.179","date":1417526644,"date_ms":1417526644000,"price":"384.71","tid":1120497,"type":"buy"},{"amount":"0.094","date":1417526644,"date_ms":1417526644000,"price":"384.74","tid":1120499,"type":"buy"},{"amount":"0.481","date":1417526644,"date_ms":1417526644000,"price":"384.74","tid":1120501,"type":"buy"},{"amount":"0.185","date":1417526653,"date_ms":1417526653000,"price":"384.76","tid":1120503,"type":"buy"},{"amount":"0.183","date":1417526653,"date_ms":1417526653000,"price":"384.76","tid":1120505,"type":"buy"},{"amount":"0.184","date":1417526653,"date_ms":1417526653000,"price":"384.76","tid":1120507,"type":"buy"},{"amount":"0.438","date":1417526653,"date_ms":1417526653000,"price":"384.77","tid":1120509,"type":"sell"}]",
"{"btc":{"amount":"1.00000000","currency":"BTC"},"subtotal":{"amount":"381.84","currency":"USD"},"fees":[{"coinbase":{"amount":"3.67","currency":"USD"}},{"bank":{"amount":"0.15","currency":"USD"}}],"total":{"amount":"385.66","currency":"USD"},"amount":"385.66","currency":"USD"}",
"{"date":"1417526676","ticker":{"buy":"384.4","high":"387.44","last":"384.77","low":"377.94","sell":"384.76","vol":"5070.212"}}",
"{"asks":[[393.35,0.01],[393.33,2.597],[393.22,0.31],[393.09,0.078],[393.03,41.652],[393,8],[392.99,0.062],[392.84,4.867],[392.72,0.01],[392.67,2.936],[392.56,22.981],[392.46,0.089],[392.43,4.239],[392.37,3.442],[392.36,0.01],[392.24,0.884],[392.13,4.85],[392.09,0.14],[392.03,4.18],[392,0.051],[391.84,1.27],[391.73,0.029],[391.68,4.745],[391.57,0.016],[391.51,8.359],[391.47,0.07],[391.41,8.242],[391.38,0.01],[391.37,0.133],[391.31,4.693],[391.2,3.38],[391.1,0.037],[391.02,7.878],[391,0.139],[390.91,4.29],[390.81,4.062],[390.74,0.133],[390.62,9.087],[390.57,0.066],[390.51,1.881],[390.47,0.025],[390.38,3.081],[390.21,4.939],[390.11,0.124],[390.09,5.241],[390.01,0.144],[390,1.047],[389.75,0.017],[389.58,0.061],[389.48,0.144],[389.38,0.031],[389.25,0.714],[389.22,0.148],[389.17,0.177],[389.16,0.182],[389.15,0.367],[389.12,0.101],[389.06,0.176],[389.05,0.182],[389.04,0.179],[389.02,0.225],[389,3.271],[388.98,0.719],[388.86,0.01],[388.82,7.456],[388.8,0.539],[388.76,0.073],[388.75,0.352],[388.71,3.471],[388.67,4.719],[388.59,0.114],[388.56,1.163],[388.52,8.164],[388.49,0.09],[388.48,0.01],[388.46,0.353],[388.43,0.383],[388.39,0.076],[388.31,35.243],[388.3,0.02],[388.24,3.261],[388.2,0.185],[388.19,0.177],[388.18,0.042],[388.13,0.139],[388.12,3.377],[388.08,3.404],[388.07,0.135],[388.05,3.574],[388.03,0.128],[388,0.039],[387.98,4.79],[387.92,6.016],[387.88,0.061],[387.87,0.049],[387.83,0.08],[387.82,0.068],[387.81,7.137],[387.8,0.069],[387.79,0.054],[387.76,0.081],[387.74,0.08],[387.72,4.581],[387.7,0.042],[387.69,0.064],[387.67,0.01],[387.65,0.08],[387.6,0.112],[387.57,1.046],[387.54,0.176],[387.53,0.178],[387.5,0.152],[387.48,4.03],[387.45,0.048],[387.43,3.792],[387.32,4.778],[387.3,0.182],[387.21,0.445],[387.09,9.048],[387.06,4.096],[386.94,0.88],[386.9,4.719],[386.87,0.183],[386.76,8.697],[386.71,0.627],[386.66,7.514],[386.6,2.065],[386.56,0.633],[386.44,4.617],[386.43,0.032],[386.36,0.01],[386.32,9.529],[386.28,0.023],[386.23,0.01],[386.22,6.291],[386.17,0.01],[386.16,0.022],[386.15,0.034],[386.14,6.762],[386.11,0.02],[386.09,0.022],[386.08,0.01],[386.06,0.04],[386.05,0.01],[386.04,9.958],[386.03,0.012],[386.01,0.01],[386,0.031],[385.99,0.03],[385.96,0.01],[385.95,0.01],[385.94,1],[385.92,0.03],[385.9,0.01],[385.89,5.383],[385.87,0.01],[385.86,0.808],[385.83,0.024],[385.8,0.03],[385.79,0.01],[385.77,0.033],[385.75,0.01],[385.74,0.018],[385.73,0.022],[385.72,44.707],[385.68,0.033],[385.66,0.021],[385.65,0.03],[385.64,0.01],[385.62,10.157],[385.6,0.011],[385.58,0.018],[385.5,0.1],[385.47,0.135],[385.39,0.011],[385.38,0.029],[385.36,3.269],[385.35,0.012],[385.32,0.04],[385.31,2.849],[385.29,0.039],[385.26,0.01],[385.25,0.012],[385.22,0.013],[385.21,3.549],[385.18,0.717],[385.14,0.01],[385.13,0.519],[385.05,0.04],[385.03,0.012],[385.01,0.01],[385,0.182],[384.98,0.031],[384.97,0.018],[384.86,0.182],[384.85,0.184],[384.82,0.178],[384.8,0.363],[384.79,0.18],[384.76,0.178]],"bids":[[384.52,1.957],[384.4,5.07],[384.23,3.26],[384.13,2.745],[384.01,3.307],[383.91,1.089],[383.81,0.965],[383.8,34.476],[383.65,2.64],[383.48,5.219],[383.46,1],[383.36,8.021],[383.25,4.711],[383.15,0.504],[382.99,4.165],[382.9,5.156],[382.88,0.672],[382.87,0.159],[382.81,0.171],[382.78,6.695],[382.77,0.191],[382.67,3.126],[382.57,0.182],[382.56,1.032],[382.53,0.188],[382.43,0.189],[382.42,0.192],[382.41,4.472],[382.39,0.191],[382.36,0.166],[382.32,0.201],[382.31,0.186],[382.25,4.459],[382.21,0.186],[382.19,0.193],[382.15,0.183],[382.13,44.395],[382.11,0.191],[382.03,0.161],[382.02,0.1],[381.95,5.424],[381.91,0.147],[381.8,4.953],[381.68,8.944],[381.58,5.307],[381.47,1.767],[381.37,26.351],[381.27,1],[381.26,1.532],[381.16,2.745],[381.06,8.411],[380.95,3.224],[380.85,2.73],[380.72,24.66],[380.56,13.299],[380.39,3.848],[380.28,48.048],[380.16,23.387],[380.1,0.02],[380.02,3.822],[379.89,10.062],[379.86,0.05],[379.79,9.035],[379.66,1.509],[379.56,0.457],[379.46,0.393],[379.32,36.777],[379.22,44.005],[379.09,4.763],[378.99,39.559],[378.87,1.158],[378.77,0.637],[378.75,3.354],[378.6,9.126],[378.47,2.395],[378.31,3.733],[378.21,6.617],[378.08,2.756],[378.06,0.818],[377.96,7.657],[377.82,3.198],[377.65,1.06],[377.62,0.086],[377.47,4.901],[377.34,3.965],[377.28,0.123],[377.19,0.048],[377.16,5.525],[377.12,0.07],[377.05,2.078],[376.97,0.214],[376.92,0.018],[376.89,2.618],[376.8,0.039],[376.78,9.529],[376.75,0.05],[376.7,0.01],[376.68,1.233],[376.64,0.154],[376.54,3.179],[376.49,0.173],[376.43,0.102],[376.38,0.244],[376.33,6.014],[376.31,0.22],[376.27,3.077],[376.14,2.52],[376.1,0.018],[376.02,4.083],[376,5.632],[375.91,0.01],[375.86,4.433],[375.77,0.349],[375.73,0.01],[375.69,9.009],[375.64,0.119],[375.54,9.879],[375.53,0.347],[375.43,0.429],[375.36,0.48],[375.33,0.947],[375.29,7.372],[375.28,43.883],[375.21,0.095],[375.17,4.719],[375.11,0.24],[375.03,2.377],[375,1.598],[374.93,27.274],[374.91,0.149],[374.82,0.01],[374.81,3.831],[374.78,1],[374.69,1.22],[374.51,3.39],[374.47,0.244],[374.41,0.546],[374.37,0.334],[374.3,51.954],[374.18,4.981],[374.16,0.307],[374.13,0.408],[374.12,0.483],[374,2.641],[373.99,4.178],[373.89,0.44],[373.87,0.971],[373.82,0.41],[373.75,32.058],[373.72,0.441],[373.68,10.99],[373.64,4.678],[373.57,0.181],[373.54,7.477],[373.4,2.372],[373.39,0.107],[373.28,1.877],[373.26,0.226],[373.19,0.472],[373.15,5.23],[373.1,1.362],[373.05,7.146],[373.03,0.031],[372.9,8.216],[372.87,0.128],[372.82,0.01],[372.76,6.078],[372.68,8.587],[372.62,0.139],[372.58,10.971],[372.53,0.467],[372.48,0.903],[372.37,8.788],[372.26,0.48],[372.23,0.179],[372.2,5.135],[372.1,3.637],[372.05,0.038],[372,0.944],[371.99,0.214],[371.95,4.035],[371.86,0.137],[371.85,3.832],[371.81,0.331],[371.75,0.935],[371.68,0.01],[371.62,5.016],[371.5,0.012],[371.45,0.873],[371.32,4.368],[371.21,1.625],[371.08,9.568],[371,3.344],[370.97,9.334],[370.86,3.075],[370.69,4.316],[370.54,2.146],[370.44,4.524],[370.27,4.803],[370.12,5.902]]}"