"2014-12-02 15:15:01 +0000"|"{"btc":{"amount":"1.00000000","currency":"BTC"},"subtotal":{"amount":"381.72","currency":"USD"},"fees":[{"coinbase":{"amount":"3.67","currency":"USD"}},{"bank":{"amount":"0.15","currency":"USD"}}],"total":{"amount":"377.90","currency":"USD"},"amount":"377.90","currency":"USD"}"|"{"amount":"381.97","currency":"USD"}"|"[{"amount":"1.28","date":1417532017,"date_ms":1417532017000,"price":"383.69","tid":1120997,"type":"buy"},{"amount":"0.86","date":1417532033,"date_ms":1417532033000,"price":"383.7","tid":1120999,"type":"sell"},{"amount":"2.41","date":1417532063,"date_ms":1417532063000,"price":"383.75","tid":1121001,"type":"buy"},{"amount":"1.95","date":1417532076,"date_ms":1417532076000,"price":"383.78","tid":1121003,"type":"sell"},{"amount":"2.04","date":1417532098,"date_ms":1417532098000,"price":"383.78","tid":1121005,"type":"buy"},{"amount":"1.07","date":1417532147,"date_ms":1417532147000,"price":"383.77","tid":1121007,"type":"buy"},{"amount":"1.43","date":1417532167,"date_ms":1417532167000,"price":"383.8","tid":1121009,"type":"buy"},{"amount":"0.79","date":1417532190,"date_ms":1417532190000,"price":"383.84","tid":1121011,"type":"buy"},{"amount":"0.58","date":1417532204,"date_ms":1417532204000,"price":"383.82","tid":1121013,"type":"buy"},{"amount":"0.34","date":1417532228,"date_ms":1417532228000,"price":"383.8","tid":1121015,"type":"buy"},{"amount":"2.27","date":1417532255,"date_ms":1417532255000,"price":"383.8","tid":1121017,"type":"buy"},{"amount":"0.78","date":1417532274,"date_ms":1417532274000,"price":"383.84","tid":1121019,"type":"buy"},{"amount":"0.244","date":1417532306,"date_ms":1417532306000,"price":"383.88","tid":1121021,"type":"buy"},{"amount":"1.806","date":1417532307,"date_ms":1417532307000,"price":"383.89","tid":1121023,"type":"buy"},{"amount":"2.47","date":1417532329,"date_ms":1417532329000,"price":"383.89","tid":1121025,"type":"sell"},{"amount":"1.24","date":1417532348,"date_ms":1417532348000,"price":"383.91","tid":1121027,"type":"sell"},{"amount":"1.64","date":1417532380,"date_ms":1417532380000,"price":"383.94","tid":1121029,"type":"buy"},{"amount":"0.43","date":1417532404,"date_ms":1417532404000,"price":"384.02","tid":1121031,"type":"buy"},{"amount":"0.17","date":1417532430,"date_ms":1417532430000,"price":"384.07","tid":1121033,"type":"buy"},{"amount":"1.37","date":1417532446,"date_ms":1417532446000,"price":"384.08","tid":1121035,"type":"sell"},{"amount":"2.8","date":1417532465,"date_ms":1417532465000,"price":"384.04","tid":1121037,"type":"sell"},{"amount":"2.27","date":1417532491,"date_ms":1417532491000,"price":"384.05","tid":1121039,"type":"buy"},{"amount":"0.34","date":1417532502,"date_ms":1417532502000,"price":"384.04","tid":1121041,"type":"buy"},{"amount":"0.47","date":1417532571,"date_ms":1417532571000,"price":"384.04","tid":1121043,"type":"buy"},{"amount":"0.27","date":1417532603,"date_ms":1417532603000,"price":"384.2","tid":1121045,"type":"sell"},{"amount":"0.45","date":1417532634,"date_ms":1417532634000,"price":"384.22","tid":1121047,"type":"sell"},{"amount":"2.16","date":1417532658,"date_ms":1417532658000,"price":"384.43","tid":1121049,"type":"sell"},{"amount":"0.182","date":1417532683,"date_ms":1417532683000,"price":"384.51","tid":1121051,"type":"buy"},{"amount":"0.178","date":1417532683,"date_ms":1417532683000,"price":"384.51","tid":1121053,"type":"buy"},{"amount":"0.179","date":1417532683,"date_ms":1417532683000,"price":"384.51","tid":1121055,"type":"buy"},{"amount":"0.182","date":1417532683,"date_ms":1417532683000,"price":"384.51","tid":1121057,"type":"buy"},{"amount":"0.185","date":1417532683,"date_ms":1417532683000,"price":"384.52","tid":1121059,"type":"buy"},{"amount":"0.178","date":1417532683,"date_ms":1417532683000,"price":"384.52","tid":1121061,"type":"buy"},{"amount":"0.106","date":1417532683,"date_ms":1417532683000,"price":"384.56","tid":1121063,"type":"buy"},{"amount":"1.7","date":1417532698,"date_ms":1417532698000,"price":"384.39","tid":1121065,"type":"buy"},{"amount":"0.59","date":1417532719,"date_ms":1417532719000,"price":"384.38","tid":1121067,"type":"buy"},{"amount":"1.06","date":1417532737,"date_ms":1417532737000,"price":"384.32","tid":1121069,"type":"buy"},{"amount":"0.47","date":1417532755,"date_ms":1417532755000,"price":"384.31","tid":1121071,"type":"sell"},{"amount":"0.69","date":1417532771,"date_ms":1417532771000,"price":"384.32","tid":1121073,"type":"sell"},{"amount":"0.62","date":1417532809,"date_ms":1417532809000,"price":"384.24","tid":1121075,"type":"buy"},{"amount":"0.41","date":1417532839,"date_ms":1417532839000,"price":"384.12","tid":1121077,"type":"sell"},{"amount":"0.9","date":1417532863,"date_ms":1417532863000,"price":"384.19","tid":1121079,"type":"buy"},{"amount":"0.22","date":1417532879,"date_ms":1417532879000,"price":"384.13","tid":1121081,"type":"sell"},{"amount":"1.61","date":1417532908,"date_ms":1417532908000,"price":"384.16","tid":1121083,"type":"sell"},{"amount":"3.23","date":1417532929,"date_ms":1417532929000,"price":"384.31","tid":1121085,"type":"sell"},{"amount":"1.48","date":1417532943,"date_ms":1417532943000,"price":"384.37","tid":1121087,"type":"sell"},{"amount":"2.97","date":1417532973,"date_ms":1417532973000,"price":"384.35","tid":1121089,"type":"sell"},{"amount":"0.87","date":1417532997,"date_ms":1417532997000,"price":"384.37","tid":1121091,"type":"sell"},{"amount":"1.47","date":1417533011,"date_ms":1417533011000,"price":"384.31","tid":1121093,"type":"buy"},{"amount":"0.46","date":1417533030,"date_ms":1417533030000,"price":"384.35","tid":1121095,"type":"sell"},{"amount":"1.49","date":1417533055,"date_ms":1417533055000,"price":"384.35","tid":1121097,"type":"sell"},{"amount":"2.65","date":1417533092,"date_ms":1417533092000,"price":"384.27","tid":1121099,"type":"sell"},{"amount":"2.67","date":1417533118,"date_ms":1417533118000,"price":"384.12","tid":1121101,"type":"sell"},{"amount":"0.12","date":1417533165,"date_ms":1417533165000,"price":"384.25","tid":1121103,"type":"sell"},{"amount":"0.75","date":1417533177,"date_ms":1417533177000,"price":"384.24","tid":1121105,"type":"sell"},{"amount":"2.73","date":1417533195,"date_ms":1417533195000,"price":"384.29","tid":1121107,"type":"sell"},{"amount":"1.15","date":1417533213,"date_ms":1417533213000,"price":"384.18","tid":1121109,"type":"sell"},{"amount":"0.29","date":1417533244,"date_ms":1417533244000,"price":"384.26","tid":1121111,"type":"buy"},{"amount":"0.18","date":1417533265,"date_ms":1417533265000,"price":"384.15","tid":1121113,"type":"buy"},{"amount":"2.14","date":1417533279,"date_ms":1417533279000,"price":"384.15","tid":1121115,"type":"sell"}]"|"{"btc":{"amount":"1.00000000","currency":"BTC"},"subtotal":{"amount":"381.97","currency":"USD"},"fees":[{"coinbase":{"amount":"3.67","currency":"USD"}},{"bank":{"amount":"0.15","currency":"USD"}}],"total":{"amount":"385.79","currency":"USD"},"amount":"385.79","currency":"USD"}"|"{"date":"1417533299","ticker":{"buy":"383.75","high":"387.44","last":"384.15","low":"377.94","sell":"384.56","vol":"5274.294"}}"|"{"asks":[[392.72,0.01],[392.67,2.936],[392.56,22.981],[392.46,0.089],[392.43,4.239],[392.37,3.442],[392.36,0.01],[392.24,0.884],[392.13,4.85],[392.09,0.14],[392.03,4.18],[392,0.051],[391.84,1.27],[391.73,0.029],[391.68,4.745],[391.57,0.016],[391.51,8.359],[391.47,0.07],[391.41,8.242],[391.38,0.01],[391.37,0.133],[391.31,4.693],[391.2,3.38],[391.1,0.037],[391.02,7.878],[391,0.139],[390.91,4.29],[390.81,4.062],[390.74,0.133],[390.62,9.087],[390.57,0.066],[390.51,1.881],[390.47,0.025],[390.38,3.081],[390.21,4.939],[390.11,0.124],[390.09,5.241],[390.01,0.144],[390,1.047],[389.75,0.017],[389.58,0.061],[389.48,0.144],[389.38,0.031],[389.22,0.148],[389.15,0.183],[389.12,0.101],[389.02,0.041],[389,3.271],[388.86,0.01],[388.82,7.456],[388.8,0.539],[388.76,0.073],[388.75,0.352],[388.71,3.471],[388.67,4.719],[388.59,0.114],[388.56,1.163],[388.52,8.164],[388.49,0.09],[388.48,0.01],[388.46,0.353],[388.43,0.383],[388.39,0.076],[388.31,35.243],[388.3,0.02],[388.24,3.261],[388.2,0.185],[388.19,0.177],[388.18,0.042],[388.13,0.139],[388.12,3.377],[388.11,0.135],[388.08,3.404],[388.05,3.574],[388.03,0.128],[388,0.039],[387.98,4.79],[387.92,6.016],[387.88,0.061],[387.87,0.049],[387.83,0.08],[387.82,0.068],[387.81,7.137],[387.8,0.069],[387.79,0.054],[387.76,0.081],[387.74,0.08],[387.72,4.581],[387.7,0.042],[387.69,0.064],[387.67,0.01],[387.65,0.08],[387.6,0.112],[387.57,1.046],[387.54,0.176],[387.53,0.178],[387.5,0.152],[387.48,4.03],[387.45,0.048],[387.43,3.792],[387.32,4.778],[387.3,0.182],[387.21,0.445],[387.09,9.048],[387.06,4.096],[386.94,0.88],[386.9,4.719],[386.87,0.183],[386.76,8.697],[386.71,0.627],[386.66,7.514],[386.6,2.065],[386.56,0.633],[386.44,4.617],[386.43,0.032],[386.36,0.01],[386.32,9.529],[386.28,0.023],[386.23,0.01],[386.22,6.391],[386.17,0.01],[386.16,0.022],[386.15,0.034],[386.14,6.762],[386.11,0.02],[386.09,0.022],[386.08,0.01],[386.06,0.04],[386.05,0.01],[386.04,9.958],[386.03,0.012],[386.01,0.01],[386,0.031],[385.99,0.03],[385.96,0.01],[385.95,0.01],[385.92,0.03],[385.9,0.01],[385.89,5.383],[385.87,0.01],[385.86,0.808],[385.83,0.024],[385.8,0.03],[385.79,0.01],[385.77,0.033],[385.75,0.01],[385.74,0.018],[385.73,0.022],[385.72,44.707],[385.68,0.033],[385.66,0.021],[385.65,0.03],[385.64,0.01],[385.62,10.157],[385.6,0.111],[385.58,0.018],[385.47,0.135],[385.42,1],[385.39,0.011],[385.38,0.029],[385.36,3.269],[385.35,0.012],[385.32,0.04],[385.31,2.849],[385.29,0.039],[385.26,0.01],[385.25,0.012],[385.22,0.013],[385.21,3.549],[385.18,0.717],[385.17,2],[385.14,0.01],[385.1,1.346],[385.09,0.18],[385.06,4.121],[385.05,0.04],[385.03,0.012],[385.01,0.01],[385,0.182],[384.98,0.031],[384.97,0.018],[384.96,8.073],[384.93,1.251],[384.88,33.956],[384.86,2.692],[384.85,0.552],[384.83,0.183],[384.82,0.178],[384.81,7.939],[384.8,0.363],[384.79,0.365],[384.78,0.178],[384.77,0.184],[384.76,0.178],[384.74,0.185],[384.73,2.361],[384.71,1.447],[384.7,0.544],[384.68,0.383],[384.56,0.432]],"bids":[[383.85,1.433],[383.75,0.136],[383.74,3.528],[383.69,0.251],[383.64,5.068],[383.52,2.436],[383.42,3.805],[383.32,9.464],[383.29,2],[383.22,2.639],[383.1,2.38],[383.02,0.162],[382.99,4.324],[382.95,0.163],[382.94,1],[382.91,0.319],[382.9,0.156],[382.89,0.159],[382.88,0.672],[382.87,0.32],[382.84,0.195],[382.82,0.175],[382.81,0.347],[382.79,0.504],[382.78,6.877],[382.77,0.191],[382.75,0.177],[382.72,0.179],[382.67,3.126],[382.57,0.182],[382.56,1.2],[382.53,0.373],[382.44,0.342],[382.43,0.367],[382.42,0.192],[382.41,4.472],[382.39,0.35],[382.36,0.166],[382.32,0.201],[382.31,0.186],[382.25,4.459],[382.24,0.173],[382.21,0.186],[382.19,0.193],[382.16,0.184],[382.15,0.368],[382.13,44.395],[382.11,0.191],[382.04,0.191],[382.03,0.161],[381.95,5.424],[381.91,0.147],[381.81,0.1],[381.8,4.953],[381.68,8.944],[381.58,5.307],[381.47,1.767],[381.37,26.351],[381.26,1.532],[381.19,1.26],[381.16,2.745],[381.06,8.411],[380.95,3.224],[380.85,2.73],[380.72,24.66],[380.56,13.299],[380.39,3.848],[380.28,48.048],[380.16,23.387],[380.11,1],[380.1,0.02],[380.02,3.822],[380,1.87],[379.89,10.062],[379.86,0.05],[379.79,9.035],[379.66,1.509],[379.56,0.457],[379.46,0.393],[379.32,36.777],[379.22,44.005],[379.09,4.763],[378.99,39.559],[378.87,1.158],[378.77,0.637],[378.75,3.354],[378.6,9.126],[378.47,2.395],[378.31,3.733],[378.21,6.617],[378.08,2.756],[378.06,0.818],[377.96,7.657],[377.82,3.198],[377.65,1.06],[377.62,0.086],[377.47,4.901],[377.46,0.098],[377.39,0.048],[377.34,3.965],[377.28,0.123],[377.19,0.048],[377.16,5.525],[377.12,0.07],[377.05,2.078],[376.97,0.214],[376.92,0.018],[376.89,2.618],[376.8,0.039],[376.78,9.529],[376.75,0.05],[376.7,0.01],[376.68,1.233],[376.64,0.154],[376.54,3.179],[376.49,0.173],[376.43,0.102],[376.38,0.244],[376.33,6.014],[376.31,0.22],[376.27,3.077],[376.14,2.52],[376.1,0.018],[376.02,4.083],[376,5.632],[375.91,0.01],[375.86,4.433],[375.77,0.349],[375.73,0.01],[375.69,9.009],[375.64,0.119],[375.54,9.879],[375.53,0.347],[375.43,0.429],[375.36,0.48],[375.33,0.947],[375.29,7.372],[375.28,43.883],[375.21,0.095],[375.17,4.719],[375.11,0.24],[375.03,2.377],[375,1.598],[374.93,27.274],[374.91,0.149],[374.82,0.01],[374.81,3.831],[374.69,1.22],[374.51,3.39],[374.47,0.244],[374.41,0.546],[374.37,0.334],[374.3,51.954],[374.18,4.981],[374.16,0.307],[374.13,0.408],[374.12,0.483],[374,2.641],[373.99,4.178],[373.89,0.44],[373.87,0.971],[373.82,0.41],[373.75,32.058],[373.72,0.441],[373.68,10.99],[373.65,1],[373.64,4.678],[373.57,0.181],[373.54,7.477],[373.4,2.372],[373.39,0.107],[373.28,1.877],[373.26,0.226],[373.19,0.472],[373.15,5.23],[373.1,1.362],[373.05,7.146],[373.03,0.031],[372.9,8.216],[372.87,0.128],[372.82,0.01],[372.76,6.078],[372.68,8.587],[372.62,0.139],[372.58,10.971],[372.53,0.467],[372.48,0.903],[372.37,8.788],[372.26,0.48],[372.23,0.179],[372.2,5.135],[372.1,3.637],[372.05,0.038],[372,0.944],[371.99,0.214],[371.95,4.035],[371.86,0.137],[371.85,3.832],[371.81,0.331],[371.75,0.935]]}"